<?xml version="1.0" encoding="UTF-8"?><collection xmlns="http://www.loc.gov/MARC21/slim"><record><leader>00318nam--2200121-i-4500</leader><controlfield tag="001">000006379</controlfield><controlfield tag="002">20161230</controlfield><controlfield tag="005">20161230201026</controlfield><controlfield tag="008">060222s1000------------r-----000-0-eng-d</controlfield><datafield ind1=" " ind2=" " tag="100"><subfield code="a">Atwood, K.W</subfield></datafield><datafield ind1=" " ind2=" " tag="245"><subfield code="a">Alley, gharles l</subfield></datafield><datafield ind1=" " ind2=" " tag="260"><subfield code="a">Electronic Engineering</subfield></datafield><datafield ind1=" " ind2=" " tag="490"><subfield code="a">New York, John Wiley &amp; Sons, Inc., 1962. Xxi + 646 P</subfield></datafield></record></collection>